%
%  ASCEM
%

@Article{Libera-et-al:JCH:2019,
  author  = {Libera, A. and de~Barros, F.P.J. and Faybishenko, B. and Eddy-Dilek, C., and 
             Denham, M. and Lipnikov, K. and Moulton, D. and Maco, B. and Wainwright, H.},
  title   = {Climate change impact on residual contaminants under sustainable remediation},
  journal = {Journal of Contaminant Hydrology},
  volume  = {226},
  year    = {2019},
  doi     = {10.1016/j.jconhyd.2019.103518},
}

@InProceedings{Wainwright-et-al::2020,
  author   = {Wainwright, H., B. Arora, S. Hubbard, Lipnikov, K., D. Moulton, G. Flach, G., Eddy‐Dilek, C. and Denham, M.},
  title    = {Sustainable Remediation in Complex Geologic Systems},
  booktitle= {Encyclopedia of Inorganic and Bioinorganic Chemistry},
  year     = {2020},
  editor   = {Scott, R.A.},
  doi      = {10.1002/9781119951438.eibc2562},
}

@InProceedings{Wainwright-et-al::2017,
  author   = {Wainwright, H. and Faybishenko, B. and Molins, S. and Pau, G. and Denham, M. and 
              Amidon, M. and Moulton, D. and Lipnikov, K. and Freedman, V. and Freshley, M. and Eddy-Dilek, C.},
  title    = {Coupling big data analytics and reactive transport modeling for cost-effective groundwater monitoring},
  booktitle= {Proceedings of the Waste Management Conference},
  note     = {Phoenix, AZ, March 5–9},
  year     = {2017},
}

@InProceedings{Wainwright-et-al::2016,
  author   = {Wainwright, H. and Faybishenko, B. and Molins, S. and Davis, J. and Arora, B. and Pau, G. and 
              Johnson, J. and Flash, G. and Denham, M. and Eddy-Dilek, C. and Moulton, D. and Lipnikov, K. and 
              Gable, C. and Miller, T. and Baker, E. and Freedman, V. and Freshley, M},
  title    = {Effective long-term monitoring strategies by integrating reactive transport models with in situ geochemical measurements},
  booktitle= {Proceedings of the Waste Management Conference},
  note     = {Phoenix, AZ, March 6–10},
  year     = {2016},
}

@InProceedings{Wainwright-et-al::2015,
  author   = {Wainwright, H. and Molins, S. and Krishnan, H. and Arora, B. and Romosan, A. and Davis, J.A. and 
              Faybishenko, B. and Hubbard, S. and Flash, G. and Denham, M. and Eddy-Dilek, C. and Moulton, D. and Lipnikov, K. and 
              Gable, C. and Miller, T. and Freshley, M},
  title    = {Advanced simulation capability for environmental management, integrated toolsets and simulator to enhance public communication},
  booktitle= {Proceedings of the Waste Management Conference},
  note     = {Phoenix, AZ, March},
  year     = {2015},
}

@InProceedings{Freshley-et-al::2014,
  author   = {Freshley, M. and Scheibe, T. and Moulton, D. and Freedman, V. and Hubbard, S.S. and Finsterle, S. and 
              Steefel, C.I. and Wainwright, H. and Flach, G. and Seitz, R. and Dixon, P. and Marble, J.},
  title    = {Advanced Simulation Capability for Environmental Management Initial User Release},
  booktitle= {Proceedings of the Waste Management Conference},
  note     = {Phoenix, AZ, March 2-6},
  year     = {2014},
}

@TechReport{Freshley-et-al:2012,
  author   = {Freshley, M. and Hubbard, S. and Gorton, I. and Moulton, J.D. and Steefel, C.I. and Freedman, V. and Wainwright, H. and et al.},
  title    = {Advanced Simulation Capability for Environmental Management (ascem) phase II Demonstration},
  institution = {Office of Environmental Management, United States Department of Energy, Washington, DC},
  address  = {Sandia National Laboratories, Albuquerque, NM},
  year     = {2012},
  number   = {ASCEM-SITE-2012-01, also LA-UR 12-25496}, 
}

@TechReport{Moulton-et-al:2012,
  author   = {Moulton, J.D. and Meza, J.C. and Buksas, M.W. and Day, M. and et al},
  title    = {High-level design of Amanzi, the multi- process high performance computing simulator},
  institution = {Office of Environmental Management, United States Department of Energy, Washington, DC},
  address  = {Sandia National Laboratories, Albuquerque, NM},
  year     = {2012},
  number   = {ASCEM-HPC-2011-03-1, also LA-UR 12-22193}, 
}

@TechReport{Hubbard-et-al:2010,
  author   = {Hubbard, S. and Freshley, M. and Moulton, D. and Lichtner, P. and Bell, J. and et al.},
  title    = {ASCEM Phase I Demonstration},
  institution = {Office of Environmental Management, United States Department of Energy, Washington, DC},
  address  = {Sandia National Laboratories, Albuquerque, NM},
  year     = {2010},
  number   = {ASCEM-SITE-102010-1}, 
}


%
%  Amanzi
%

@Article{Berre-et-al:2020,
  author  = {Berre, I. and Boon, E.M. and Flemisch, B. and Fumagalli, A. and Gläser, D. and 
             Keilegavlen, E. and Scotti, A. and Stefansson, I. and Tatomir, A. and Brenner, K. and 
             Burbulla, S. and Devloo, P. and Duran, O. and Favino, M. and Hennicker, J. and 
             Lee, I-H. and Lipnikov, K. and Masson, R. and Mosthaf, K. and Chiara Nestola, M.G. and 
             Ni, C.-F. and Nikitin, K.L. and Schädle, P. and Svyatskiy, D. and Yanbarisov R. and Zulian, P.},
  title   = {Verification benchmarks for single-phase flow in three-dimensional fractured porous media},
  year    = {2020},
  note    = {in review, arXiv:2002.07005},
}

@Article{Bui-et-al:2018,
  author  = {Bui, Q.M. and Wang, L. and Osei-Kuffuor, D.},
  title   = {Algebraic multigrid preconditioners for two-phase flow in porous media with phase transitions},
  journal = {Advances in Water Resources},
  volume  = {114},
  pages   = {19--28},
  year    = {2018},
  doi     = {10.1016/j.advwatres.2018.01.027},
}

@Article{Manzini-et-al:2017,
  author  = {Manzini, G. and Lipnikov, K. and Moulton, J.D. and Shashkov, M.},
  title   = {Convergence analysis of the mimetic finite difference method for elliptic problems with 
             staggered discretizations of diffusion coefficients},
  journal = {SIAM J. Numer. Anal.},
  volume  = {55},
  number  = {6},
  pages   = {2956--2981}, 
  year    = {2017},
  doi     = {10.1137/16M1108479},
}

@Article{Bui-et-al:2017,
  author  = {Bui, Q.M. and Elman, H. and Moulton, J.D.},
  title   = {Algebraic multigrid preconditioners for multiphase flow in porous media},
  journal = {SIAM J. Sci. Comput.},
  volume  = {39},
  number  = {5},
  pages   = {S662--S680},
  year    = {2017},
  doi     = {10.1137/16M1082652},
}

@Article{Lipnikov-et-al:2016,
  author  = {Lipnikov, K. and Moulton, D. and Svyatskiy, D.},
  title   = {New preconditioning strategy for Jacobian-free solvers for variably saturated flows with Richards equation},
  journal = {Adv. Water Resour.},
  volume  = {94},
  pages   = {11--22},
  year    = {2016},
  doi     = {10.1016/j.advwatres.2016.04.016},
}

@Article{Lipnikov-et-al:2016,
  author  = {Lipnikov, K. and Manzini, G. and Moulton, J.D. and Shashkov, M.},
  title   = {The mimetic finite difference method for elliptic and parabolic problems with 
             a staggered discretization of diffusion coefficient},
  journal = {J. Comput. Phys.},
  volume  = {305},
  pages   = {111--126},
  year    = {2016},
  doi     = {10.1016/j.jcp.2015.10.031},
}

@Article{Garimella-et-al:2014,
  author  = {Garimella, R.V. and Perkins, W.A. and Buksas, M.W. and Berndt, M. and Lipnikov, K. and
             Coon, E. and Moulton, J.D. and Painter, S.L.},
  title   = {Mesh infrastructure for coupled multiprocess geophysical simulations},
  journal = {Procedia Engineering},
  volume  = {82},
  pages   = {34--45},
  year    = {2014},
  doi     = {10.1016/j.proeng.2014.10.371},
}


%
%  ATS
%

@Article{Abolt-et-al:2018,
  author  = {Abolt, C.J. and Young, M.H. and Atchley, A.L. and Harp, D.R.},
  title   = {Microtopographic control on the ground thermal regime in ice wedge polygons},
  journal = {The Cryosphere}, 
  volume  = {12},
  pages   = {1957--1968},
  year    = {2018},
}

@Article{Abolt-et-al:2020,
  author  = {Abolt, C.J. and Young, M.H. and Atchley, A.L. and Harp, D.R. and Coon, E.T.},
  title   = {Feedbacks between surface deformation and permafrost degradation in ice wedge polygons, Arctic Coastal Plain, Alaska},
  journal = {Journal of Geophysical Research: Earth Surface},
  volume  = {125},
  pages   = {e2019JF005349},
  year    = {2020},
  doi     = {10.1029/2019JF005349},
}

@Article{Jafarov-et-al:2018,
  author  = {Jafarov, E.E. and Coon, E.T. and Harp, D.R. and Wilson, C.J. and Painter, S.L. and Atchley, A.L. and Romanovsky, V.E.},
  title   = {Modeling the role of preferential snow accumulation in through talik development and hillslope 
             groundwater flow in a transitional permafrost landscape},
  journal = {Environmental Research Letters},
  volume  = {13},
  number  = {10}
  pages   = {105006},
  year    = {2018},
  doi     = {10.1088/1748-9326/aadd30},
}

@Article{Jan-et-al:2018,
  author  = {Jan, A. and Coon, E.T. and Graham, J.D. and Painter, S.L.},
  title   = {A subgrid approach for modeling microtopography effects on overland flow},
  journal = {Water Resources Research},
  volume  = {54},
  pages   = {6153--6167},
  year    = {2018},
  doi     = {10.1029/2017WR021898},
}

@Article{Jan-et-al:2019,
  author  = {Jan, A. and Coon, E.T. and Painter, S.L.},
  title   = {Evaluating integrated surface/subsurface permafrost thermal hydrology models in ATS (v0.88) against 
             observations from a polygonal tundra site},
  journal = {Geosci. Model Dev. Discuss.},
  year    = {2019},
  doi     = {10.5194/gmd-2019-265},
}

@Article{Jan-et-al:2018,
  author  = {Jan, A. and Coon, E.T. and Painter, S.L., Garimella, R. and Moulton, J.D.},
  title   = {An intermediate-scale model for thermal hydrology in low-relief permafrost-affected landscapes}
  journal = {Computational Geosciences},
  volume  = {22},
  pages   = {163--177},
  year    = {2018},
}

@Article{Painter-et-al:2016,
  author  = {Painter, S.L. and Coon, E.T. and Atchley, A.L. and Berndt, M. and Garimella, R. and 
             Moulton, J.D. and Svyatskiy, D. and Wilson C.J.},
  title   = {Integrated surface/subsurface permafrost thermal hydrology: Model formulation and proof-of-concept simulations},
  journal = {Water Resour. Res.},
  volume  = {22},
  pages   = {6062--6077},
  year    = {2016},
  doi     = {10.1002/2015WR018427},
}

@Article{Atchley-et-al:2016,
  author  = {Atchley, A.L. and Coon E.T. and Painter, S.L. and Harp, D.R. and Wilson, C.J.},
  title   = {Influences and interactions of inundation, peat, and snow on active layer thickness}, 
  journal = {Geophys. Res. Lett.},
  volume  = {43},
  pages   = {5116--5123},
  year    = {2016},
  doi     = {10.1002/2016GL068550},
}

@Article{Sjoberg-et-al:2016,
  author  = {Sjoberg, Y. and Coon, E. and Sannel, A.B.K. and Pannetier, R. and Harp, D. and 
             Frampton, A. and Painter, S.L., and Lyon, S.W.},
  title   = {Thermal effects of groundwater flow through subarctic fens:
             A case study based on field observations and numerical modeling},
  journal = {Water Resour. Res.},
  volume  = {52},
  pages   = {1591--1606},
  year    = {2016},
  doi     = {10.1002/2015WR017571},
}

@Article{Schuhy-et-al:2017,
  author  = {Schuh, C. and Frampton, A. and Christiansen, H.H.},
  title   = {Soil moisture redistribution and its effect on inter-annual active layer temperature 
             and thickness variations in a dry loess terrace in Adventdalen, Svalbard},
  journal = {The Cryosphere}, 
  volume  = {11},
  pages   = {635--651},
  year    = {2017},
}

@Article{Harp-et-al:2016,
  author  = {Harp, D.R. and Atchley, A.L. and Painter, S.L. and Coon, E.T. and Wilson, C.J. and 
             Romanovsky, V.E. and Rowland, J.C.},
  title   = {Effect of soil property uncertainties on permafrost thaw projections: a calibration-constrained analysis},
  journal = {The Cryosphere},
  volume  = {10},
  number  = {1}
  pages   = {341--358},
  year    = {2016},
  doi     = {10.5194/tc-10-341-2016},
}

@Article{Atchley-et-al:2015,
  author  = {Atchley, A.L. and Painter, S.L. and Harp, D.R. and Coon, E.T. and Wilson, C.J. and 
             Liljedahl, A.K. and Romanovsky, V.E.},
  title   = {Using field observations to inform thermal hydrology models of permafrost dynamics with ATS (v0.83)},
  journal = {Geoscientific Model Development},
  volume  = {8},
  number  = {9},
  pages   = {2701--2722},
  year    = {2015},
  doi     = {10.5194/gmd-8-2701-2015},
}

@Article{Painter-et-al:2013,
  author  = {Painter, S.L. and Moulton, J.D. and Wilson, C.J},
  title   = {Modeling challenges for predicting hydrologic response to degrading permafrost},
  journal = {Hydrogeol. J.},
  volume  = {21},
  number  = {1},
  pages   = {221--224},
  year    = {2013},
  doi     = {10.1007/s10040-012-0917-4},
}

@Article{Grenier-et-al:2018,
  author  = {Grenier, C. and Anbergen, H. and Bense, V. and Chanzy, Q. and Coon, E. and Collier, N. and
             Costard, F. and Ferry, M. and Frampton, A. and Frederick, J. and Gonçalvès, J. and 
             Holmén, J. and Jost, A. and Kokh, S. and Kurylyk, B. and McKenzie, J. and Molson, J. and 
             Mouche, E. and Orgogozo, L. and Pannetier, R. and Rivière, A. and Roux, N. and Rühaak, W. and 
             Scheidegger, J. and Selroos, J.-O. and Therrien, R. and Vidstrand, P. and Voss, C.},
  title   = {Groundwater flow and heat transport for systems undergoing freeze-thaw:
             Intercomparison of numerical simulators for 2D test cases},
  journal = {Advances in Water Resources},
  volume  = {114},
  pages   = {196--218},
  year    = {2018},
  doi     = {10.1016/j.advwatres.2018.02.001},
}

@Article{Kollet-et-al:2017,
  author  = {Kollet, S. and Sulis, M. and Maxwell, R.M. and Paniconi, C. and Putti, M. and Bertoldi, G. and
             Coon, E.T. and Cordano, E. and Endrizzi, S. and Kikinzon, E. and Mouche, E. and Mugler, C. and
             Park, Y.J. and Refsgaard, J.C. and Stisen, S. and Sudicky, E.},
  title   = {The integrated hydrologic model intercomparison project, IH-MIP2:
             A second set of benchmark results to diagnose integrated hydrology and feedbacks}, 
  journal = {Water Resources Research},
  volume  = {53},
  pages   = {867--890},
  year    = {2017},
  doi     = {10.1002/2016WR019191},
}

@Article{Ozgen-et-al:2020,
  author  = {Özgen-Xian, I. and Kesserwani, G. and Caviedes-Voullième, D. and Molins, S. and Xu, Z. and 
             Dwivedi, D. and Moulton, J.D. and Steefel, C.I.},
  title   = {Wavelet-based local mesh refinement for rainfall-runoff simulations},
  journal = {Journal of Hydroinformatics},
  year    = {2020},
  note    = {accepted},
}

@InProceedings{Xu-et-al:2019,
  author  = {Xu, Z. and Molins, S. and Svyatskiy, d. and Özgen-Xian, I. and Dwivedi, D. and
             Siirila-Woodburn, E.R. and Moulton, J.D. and Steefel, C.I.},
  title   = {Understanding Integrated Hydrology and Geochemistry Processes in a Mountainous
             Watershed Using the Advanced Terrestrial Simulator (ATS).},
  booktitle = {AGU Fall Meeting},
  year    = {2019},
}

@InProceedings{Xu-et-al:2018,
  author  = {Xu, Z. and Molins, S. Dwivedi, D. and Siirila-Woodburn, E.R. and Carroll, R.W.H. and
             Svyatskiy, D. and Moulton, J.D., and Steefel, C.I.},
  title   = {A Reactive Transport Modeling Approach for Understanding Concentration-Discharge in East River, Colorado},
  booktitle = {AGU Fall Meeting},
  pages   = {2018:H13E–08},
  year    = {2018},
}

@InProceedings{Xu-et-al:2018b,
  author  = {Xu, Z. and Dwivedi, D. and Molins, S. and et al.},
  title   = {A Reactive Transport Modeling Approach for Understanding Concentration-Discharge in East River, Colorado},
  booktitle = {Computational Methods of Water Resources XXII Conference},
  note    = {St-Malo, France, June},
  year    = {2018},
}

@InCollection{Dubey-et-al:2017,
  author  = {Dubey, A. and Antypas K. and Coon, E. and Riley, K.},
  title   = {Software Process for Multiphysics Multicomponent Codes},
  booktitle = {Software Engineering for Science},
  publisher = {Chapman and Hall/CRC},
  pages   = {632--641},
  year    = 2017,
  editor  = {Carver, J. and Chue Hong, N. and Thiruvathukal, G.K.},
  doi     = {10.1201/9781315368924},
}

@Article{Coon-et-al:2016,
  author  = {Coon, E.T. and Moulton, J.D. and Painter, S.L.},
  title   = {Managing complexity in simulations of land surface and near-surface processes},
  journal = {Environmental Modelling \& Software},
  volume  = {78},
  pages   = {134--149},
  year    = {2016},
  doi     = {10.1016/j.envsoft.2015.12.017},
}
 



